@article{held1992telepresence,
  title={Telepresence},
  author={Held, Richard M and Durlach, Nathaniel I},
  journal={Presence: Teleoperators \& Virtual Environments},
  volume={1},
  number={1},
  pages={109--112},
  year={1992},
  publisher={MIT Press}
}
@article{witmer1998measuring,
  title={Measuring presence in virtual environments: A presence questionnaire},
  author={Witmer, Bob G and Singer, Michael J},
  journal={Presence: Teleoperators and virtual environments},
  volume={7},
  number={3},
  pages={225--240},
  year={1998},
  publisher={MIT Press}
}

@article{slater1997framework,
  title={A framework for immersive virtual environments (FIVE): Speculations on the role of presence in virtual environments},
  author={Slater, Mel and Wilbur, Sylvia},
  journal={Presence: Teleoperators and virtual environments},
  volume={6},
  number={6},
  pages={603--616},
  year={1997},
  publisher={MIT Press}
}

@article{mantovani1999real,
  title={“Real” presence: how different ontologies generate different criteria for presence, telepresence, and virtual presence},
  author={Mantovani, Giuseppe and Riva, Giuseppe},
  journal={Presence: Teleoperators and Virtual Environments},
  volume={8},
  number={5},
  pages={540--550},
  year={1999},
  publisher={MIT Press}
}

@article{slater1994depth,
  title={Depth of presence in virtual environments},
  author={Slater, Mel and Usoh, Martin and Steed, Anthony},
  journal={Presence: Teleoperators \& Virtual Environments},
  volume={3},
  number={2},
  pages={130--144},
  year={1994},
  publisher={MIT Press}
}
@inproceedings{karamnejad2013immersive,
  title={Immersive virtual reality and affective computing for gaming, fear and anxiety management},
  author={Karamnejad, Mehdi and Choo, Amber and Gromala, Diane and Shaw, Chris and Mamisao, Jeremy},
  booktitle={ACM SIGGRAPH 2013 Posters},
  pages={74},
  year={2013},
  organization={ACM}
}
@inproceedings{chen2000toward,
  title={Toward a Compelling Sensation of Telepresence: Demonstrating a portal to a distant (static) office},
  author={Chen, Wei-Chao and Towles, Herman and Nyland, Lars and Welch, Greg and Fuchs, Henry},
  booktitle={Proceedings of the conference on Visualization'00},
  pages={327--333},
  year={2000},
  organization={IEEE Computer Society Press}
}
@book{bimber2005spatial,
  title={Spatial augmented reality: merging real and virtual worlds},
  author={Bimber, Oliver and Raskar, Ramesh},
  year={2005},
  publisher={CRC press}
}
@article{tarr2002virtual,
  title={Virtual reality in behavioral neuroscience and beyond},
  author={Tarr, Michael J and Warren, William H},
  journal={nature neuroscience},
  volume={5},
  pages={1089--1092},
  year={2002},
  publisher={Nature Publishing Group}
}