@inproceedings{an2014recommending,
  title={Recommending investors for crowdfunding projects},
  author={An, Jisun and Quercia, Daniele and Crowcroft, Jon},
  booktitle={Proceedings of the 23rd international conference on World wide web},
  pages={261--270},
  year={2014},
  organization={ACM}
}
@inproceedings{xu2014show,
  title={Show me the money!: an analysis of project updates during crowdfunding campaigns},
  author={Xu, Anbang and Yang, Xiao and Rao, Huaming and Fu, Wai-Tat and Huang, Shih-Wen and Bailey, Brian P},
  booktitle={Proceedings of the SIGCHI conference on human factors in computing systems},
  pages={591--600},
  year={2014},
  organization={ACM}
}

@article{Harris:2013,
 author = {Harris, Billy},
 title = {Kickstarter As a Source of Funds for Computer Games},
 journal = {J. Comput. Sci. Coll.},
 issue_date = {December 2013},
 volume = {29},
 number = {2},
 month = dec,
 year = {2013},
 issn = {1937-4771},
 pages = {41--48},
 numpages = {8},
 url = {http://dl.acm.org.ezproxy.falmouth.ac.uk/citation.cfm?id=2535418.2535424},
 acmid = {2535424},
 publisher = {Consortium for Computing Sciences in Colleges},
 address = {USA},
} 

@inproceedings{Greenberg,
 author = {Greenberg, Michael D.},
 title = {Public Online Failure With Crowdfunding},
 booktitle = {Proceedings of the 2015 ACM SIGCHI Conference on Creativity and Cognition},
 series = {C\&\#38;C '15},
 year = {2015},
 isbn = {978-1-4503-3598-0},
 location = {Glasgow, United Kingdom},
 pages = {333--334},
 numpages = {2},
 url = {http://doi.acm.org.ezproxy.falmouth.ac.uk/10.1145/2757226.2764767},
 doi = {10.1145/2757226.2764767},
 acmid = {2764767},
 publisher = {ACM},
 address = {New York, NY, USA},
 keywords = {crowdfunding, failure, kickstarter, persistence},
} 

@inproceedings{Chung:2015,
 author = {Chung, Jinwook and Lee, Kyumin},
 title = {A Long-Term Study of a Crowdfunding Platform: Predicting Project Success and Fundraising Amount},
 booktitle = {Proceedings of the 26th ACM Conference on Hypertext \&\#38; Social Media},
 series = {HT '15},
 year = {2015},
 isbn = {978-1-4503-3395-5},
 location = {Guzelyurt, Northern Cyprus},
 pages = {211--220},
 numpages = {10},
 url = {http://doi.acm.org.ezproxy.falmouth.ac.uk/10.1145/2700171.2791045},
 doi = {10.1145/2700171.2791045},
 acmid = {2791045},
 publisher = {ACM},
 address = {New York, NY, USA},
 keywords = {crowdfunding, fundraising amount, kickstarter, project success, twitter},
} 













@inproceedings{An:2014:RIC:2566486.2568005,
 author = {An, Jisun and Quercia, Daniele and Crowcroft, Jon},
 title = {Recommending Investors for Crowdfunding Projects},
 booktitle = {Proceedings of the 23rd International Conference on World Wide Web},
 series = {WWW '14},
 year = {2014},
 isbn = {978-1-4503-2744-2},
 location = {Seoul, Korea},
 pages = {261--270},
 numpages = {10},
 url = {http://doi.acm.org.ezproxy.falmouth.ac.uk/10.1145/2566486.2568005},
 doi = {10.1145/2566486.2568005},
 acmid = {2568005},
 publisher = {ACM},
 address = {New York, NY, USA},
 keywords = {crowdfunding, kickstarter, recommending systems, twitter},
} 

@inproceedings{Greenberg:2013:CST:2468356.2468682,
 author = {Greenberg, Michael D. and Pardo, Bryan and Hariharan, Karthic and Gerber, Elizabeth},
 title = {Crowdfunding Support Tools: Predicting Success \&\#38; Failure},
 booktitle = {CHI '13 Extended Abstracts on Human Factors in Computing Systems},
 series = {CHI EA '13},
 year = {2013},
 isbn = {978-1-4503-1952-2},
 location = {Paris, France},
 pages = {1815--1820},
 numpages = {6},
 url = {http://doi.acm.org.ezproxy.falmouth.ac.uk/10.1145/2468356.2468682},
 doi = {10.1145/2468356.2468682},
 acmid = {2468682},
 publisher = {ACM},
 address = {New York, NY, USA},
 keywords = {adaboost, crowdfunding, crowdsourcing, kickstarter, machine learning, sentiment analysis},
} 
